<?xml version="1.0" encoding="utf-8"?>
<record xmlns="http://www.loc.gov/MARC21/slim" xmlns:xsi="http://www.w3.org/2001/XMLSchema-instance" xsi:schemaLocation="http://www.loc.gov/MARC21/slim http://www.loc.gov/standards/marcxml/schema/MARC21slim.xsd">
	<leader>     nam a22     Mi 4500</leader>
	<controlfield tag="001">853970</controlfield>
	<controlfield tag="003">NNC</controlfield>
	<controlfield tag="006">m        d        </controlfield>
	<controlfield tag="007">cr cn |||m|||a</controlfield>
	<controlfield tag="008">190409s1988    ir ah   ob    001 0 arard</controlfield>
	<datafield ind1=" " ind2=" " tag="040">
		<subfield code="a">ZYU</subfield>
		<subfield code="b">ara</subfield>
		<subfield code="e">rda</subfield>
		<subfield code="c">ZYU</subfield>
	</datafield>
	<datafield ind1="0" ind2=" " tag="041">
		<subfield code="a">ara</subfield>
		<subfield code="a">per</subfield>
	</datafield>
	<datafield ind1=" " ind2="4" tag="050">
		<subfield code="a">B753.I23</subfield>
		<subfield code="b">T34 1988</subfield>
	</datafield>
	<datafield ind1="0" ind2=" " tag="100">
		<subfield code="6">880-01</subfield>
		<subfield code="a">Ibn al-ʻArabī,</subfield>
		<subfield code="d">1165-1240.</subfield>
	</datafield>
	<datafield ind1="1" ind2="3" tag="245">
		<subfield code="6">880-02</subfield>
		<subfield code="a">al-Tajalliyāt al-ilāhīyah /</subfield>
		<subfield code="c">Muḥyī al-Dīn ibn al-ʻArabī ; hamrāh bā taʻlīqāt Ibn Sūdkīn va Kashf al-ghāyāt fī sharḥ mā iktanafat ʻalayhi al-Tajalliyāt ; taḥqīq ʻUthmān Ismāʻīl Yaḥyá.</subfield>
	</datafield>
	<datafield ind1="1" ind2="5" tag="246">
		<subfield code="a">Ibn al-ʻArabī's al-Tajalliyāt al-ilāhiyya</subfield>
	</datafield>
	<datafield ind1="3" ind2=" " tag="246">
		<subfield code="6">880-10</subfield>
		<subfield code="a">Kashf al-ghāyāt fī sharḥ mā iktanafat ʻalayhi al-Tajalliyāt</subfield>
	</datafield>
	<datafield ind1=" " ind2=" " tag="260">
		<subfield code="6">880-03</subfield>
		<subfield code="a">Ṭihrān :</subfield>
		<subfield code="b">Markaz-i Nashr-i Dānishgāhī,</subfield>
		<subfield code="c">1988.</subfield>
	</datafield>
	<datafield ind1=" " ind2=" " tag="300">
		<subfield code="a">online resource (10, 675 pages) :</subfield>
		<subfield code="b">illustrations, facsimiles</subfield>
	</datafield>
	<datafield ind1=" " ind2=" " tag="336">
		<subfield code="a">text</subfield>
		<subfield code="2">rdacontent</subfield>
	</datafield>
	<datafield ind1=" " ind2=" " tag="337">
		<subfield code="a">computer</subfield>
		<subfield code="2">rdamedia</subfield>
	</datafield>
	<datafield ind1=" " ind2=" " tag="338">
		<subfield code="a">online resource</subfield>
		<subfield code="2">rdacarrier</subfield>
	</datafield>
	<datafield ind1="1" ind2=" " tag="490">
		<subfield code="6">880-04</subfield>
		<subfield code="a">Markaz-i Nashr-i Dānishgāhī ;</subfield>
		<subfield code="v">369.</subfield>
		<subfield code="a">Falsafah ;</subfield>
		<subfield code="v">19</subfield>
	</datafield>
	<datafield ind1=" " ind2=" " tag="500">
		<subfield code="a">Part of the Arabic Collections Online (ACO) project, contributed by Columbia University Libraries.</subfield>
	</datafield>
	<datafield ind1=" " ind2=" " tag="504">
		<subfield code="a">Includes bibliographical references (pages 659-675) and indexes.</subfield>
	</datafield>
	<datafield ind1=" " ind2=" " tag="500">
		<subfield code="a">Preface in Persian.</subfield>
	</datafield>
	<datafield ind1=" " ind2=" " tag="533">
		<subfield code="a">Electronic reproduction.</subfield>
		<subfield code="b">New York, N.Y. :</subfield>
		<subfield code="c">New York University,</subfield>
		<subfield code="d">2019.</subfield>
		<subfield code="5">NNU</subfield>
	</datafield>
	<datafield ind1=" " ind2=" " tag="546">
		<subfield code="a">Text in Arabic, introd. in Persian.</subfield>
	</datafield>
	<datafield ind1="0" ind2="0" tag="600">
		<subfield code="6">880-05</subfield>
		<subfield code="a">Ibn al-ʻArabī,</subfield>
		<subfield code="d">1165-1240.</subfield>
		<subfield code="t">Tajalliyāt al-ilāhīyah.</subfield>
	</datafield>
	<datafield ind1="0" ind2="7" tag="630">
		<subfield code="a">Tajalliyāt al-ilāhīyah (Ibn al-ʻArabī)</subfield>
		<subfield code="2">fast</subfield>
		<subfield code="0">(OCoLC)fst01378848</subfield>
	</datafield>
	<datafield ind1=" " ind2="0" tag="650">
		<subfield code="a">Mysticism</subfield>
		<subfield code="x">Islam</subfield>
		<subfield code="v">Early works to 1800.</subfield>
	</datafield>
	<datafield ind1=" " ind2="7" tag="650">
		<subfield code="a">Mysticism</subfield>
		<subfield code="x">Islam.</subfield>
		<subfield code="2">fast</subfield>
		<subfield code="0">(OCoLC)fst01031643</subfield>
	</datafield>
	<datafield ind1=" " ind2="7" tag="655">
		<subfield code="a">Early works.</subfield>
		<subfield code="2">fast</subfield>
		<subfield code="0">(OCoLC)fst01411636</subfield>
	</datafield>
	<datafield ind1="1" ind2=" " tag="700">
		<subfield code="6">880-06</subfield>
		<subfield code="a">Yaḥyá, ʻUthmān.</subfield>
	</datafield>
	<datafield ind1="1" ind2=" " tag="700">
		<subfield code="6">880-07</subfield>
		<subfield code="a">Nūrī, Ismāʻīl ibn Sawdakīn,</subfield>
		<subfield code="d">1192 or 1193-1248 or 1249.</subfield>
	</datafield>
	<datafield ind1="2" ind2=" " tag="710">
		<subfield code="a">Columbia University.</subfield>
		<subfield code="b">Libraries.</subfield>
	</datafield>
	<datafield ind1="0" ind2=" " tag="730">
		<subfield code="a">Arabic Collections Online.</subfield>
	</datafield>
	<datafield ind1="0" ind2="8" tag="776">
		<subfield code="i">Online version:</subfield>
		<subfield code="a">Ibn al-ʻArabī, 1165-1240.</subfield>
		<subfield code="t">Tajalliyāt al-ilāhīyah.</subfield>
		<subfield code="d">Ṭihrān : Markaz-i Nashr-i Dānishgāhī, 1988</subfield>
		<subfield code="w">(OCoLC)556522234</subfield>
	</datafield>
	<datafield ind1="0" ind2="8" tag="776">
		<subfield code="i">Print version:</subfield>
		<subfield code="a">Ibn al-ʻArabī, 1165-1240.</subfield>
		<subfield code="t">al-Tajalliyāt al-ilāhīyah</subfield>
		<subfield code="w">(NNC)853970</subfield>
		<subfield code="w">(DLC)   89933580 </subfield>
		<subfield code="w">(OCoLC)24928536</subfield>
	</datafield>
	<datafield ind1=" " ind2="0" tag="830">
		<subfield code="6">880-08</subfield>
		<subfield code="a">Markaz-i Nashr-i Dānishgāhī (Series) ;</subfield>
		<subfield code="v">369.</subfield>
	</datafield>
	<datafield ind1=" " ind2="0" tag="830">
		<subfield code="6">880-09</subfield>
		<subfield code="a">Markaz-i Nashr-i Dānishgāhī (Series).</subfield>
		<subfield code="p">Falsafah ;</subfield>
		<subfield code="v">19.</subfield>
	</datafield>
	<datafield ind1="4" ind2="0" tag="856">
		<subfield code="u">http://hdl.handle.net/2333.1/g1jwt321</subfield>
	</datafield>
	<datafield ind1="0" ind2=" " tag="880">
		<subfield code="6">100-01</subfield>
		<subfield code="a">ابن العربي.</subfield>
	</datafield>
	<datafield ind1="1" ind2="2" tag="880">
		<subfield code="6">245-02</subfield>
		<subfield code="a">التجليات الالهية /</subfield>
		<subfield code="c">محيى الدين بن العربي ؛ همراه با تعليقات ابن سودكين و كشف الغايات في شرح ما اكتنفت عليه التجليات ؛ تحقيق عثمان اسماعيل يحيى.</subfield>
	</datafield>
	<datafield ind1=" " ind2=" " tag="880">
		<subfield code="6">260-03</subfield>
		<subfield code="a">طهران :</subfield>
		<subfield code="b">مركز نشر دانشگاهي،</subfield>
		<subfield code="c">1988.</subfield>
	</datafield>
	<datafield ind1="3" ind2=" " tag="880">
		<subfield code="6">246-10</subfield>
		<subfield code="a">كشف الغايات في شرح ما اكتنفت عليه التجليات</subfield>
	</datafield>
	<datafield ind1="1" ind2=" " tag="880">
		<subfield code="6">490-04</subfield>
		<subfield code="a">مركز نشر دانشگاهي ؛</subfield>
		<subfield code="v">369.</subfield>
		<subfield code="a">فلسفة ؛</subfield>
		<subfield code="v">19</subfield>
	</datafield>
	<datafield ind1="0" ind2="4" tag="880">
		<subfield code="6">600-05</subfield>
		<subfield code="a">ابن العربي.</subfield>
		<subfield code="t">تجليات الإلهية.</subfield>
	</datafield>
	<datafield ind1="1" ind2=" " tag="880">
		<subfield code="6">700-06</subfield>
		<subfield code="a">يحيى، عثمان.</subfield>
	</datafield>
	<datafield ind1="1" ind2=" " tag="880">
		<subfield code="6">700-07</subfield>
		<subfield code="a">نوري، اسماعيل بن سودكين،,</subfield>
		<subfield code="d">1192 or 1193-1248 or 1249.</subfield>
	</datafield>
	<datafield ind1="0" ind2=" " tag="880">
		<subfield code="6">740-00</subfield>
		<subfield code="a">كشف الغايات في شرح ما اكتنفت عليه التجليات.</subfield>
	</datafield>
	<datafield ind1=" " ind2="0" tag="880">
		<subfield code="6">830-08</subfield>
		<subfield code="a">مركز نشر دانشگاهي ؛ ;</subfield>
		<subfield code="v">369.</subfield>
	</datafield>
	<datafield ind1=" " ind2="0" tag="880">
		<subfield code="6">830-09</subfield>
		<subfield code="a">مركز نشر دانشگاهي.</subfield>
		<subfield code="p">فلسفة ؛ ;</subfield>
		<subfield code="v">19.</subfield>
	</datafield>
	<datafield ind1=" " ind2=" " tag="959">
		<subfield code="a">NNU</subfield>
		<subfield code="b">WEB</subfield>
		<subfield code="c">GENI</subfield>
		<subfield code="t">0</subfield>
		<subfield code="m">Electronic access</subfield>
		<subfield code="s">01</subfield>
	</datafield>
	<datafield ind1=" " ind2=" " tag="999">
		<subfield code="i">NNC_853970</subfield>
		<subfield code="o">(OCoLC)ocm24928536 </subfield>
		<subfield code="s">columbia_aco003655</subfield>
		<subfield code="e">(ERROR-880)</subfield>
	</datafield>
</record>
